% Encoding: UTF-8


@misc{csharplang,
	title="Документация по С\# [Электронный ресурс]",
	howpublished="Режим доступа: \url{https://docs.microsoft.com/ru-ru/dotnet/csharp/} (дата обращения: 30.09.2021)"
}
@misc{csharplang1,
	title="Структура DateTime [Электронный ресурс]",
	howpublished="Режим доступа: \url{https://docs.microsoft.com/ru-ru/dotnet/api/system.datetime?view=netframework-4.8} (дата обращения: 09.10.2021)"
}

@misc{csharplang2,
	title="Свойство DateTime.Now.Ticks [Электронный ресурс]",
	howpublished="Режим доступа: \url{https://docs.microsoft.com/ru-ru/dotnet/api/system.datetime.ticks?view=netcore-3.1} (дата обращения: 09.10.2021)"
}

@misc{zbufer,
	title="Алгоритм Z-буфера. [Электронный ресурс]",
	howpublished="Режим доступа: \url{http://compgraph.tpu.ru/Oglavlenie.htm} (дата обращения: 09.10.2021)"
}

@misc{roberts,
	title="Алгоритм Робертса. [Электронный ресурс]",
	howpublished="Режим доступа: \url{http://compgraph.tpu.ru/Oglavlenie.htm} (дата обращения: 09.10.2021)"
}

@misc{hudognik,
	title="Алгоритм, использующие список приоритетов (алгоритм художника). [Электронный ресурс]",
	howpublished="Режим доступа: \url{http://compgraph.tpu.ru/Oglavlenie.htm} (дата обращения: 09.10.2021)"
}

@misc{varnok,
	title="Алгоритм Варнока. [Электронный ресурс]",
	howpublished="Режим доступа: \url{http://compgraph.tpu.ru/Oglavlenie.htm} (дата обращения: 09.10.2021)"
}

@misc{lamber_fong,
	title="Модели освещения. [Электронный ресурс]",
	howpublished="Режим доступа: \url{https://devburn.ru/2015/09/} (дата обращения: 09.10.2021)"
}

@misc{raytrace,
	title="Трассировка лучей из книги Джефа Проузиса [Электронный ресурс]",
	howpublished="Режим доступа: \url{https://www.graphicon.ru/oldgr/courses/cg99/notes/lect12/prouzis/raytrace.htm} (дата обращения: 28.10.2021)"
}

@book{
	rodgers,
	author="Д. Роджерс, Дж. Адамс",
	title="Математические основы машинной графики.",
	publisher="Москва-Мир",
	year=2001,
	pages=603
}

@misc{oswind,
	title="Windows [Электронный ресурс]",
	howpublished="Режим доступа: \url{https://www.microsoft.com/ru-ru/windows} (дата обращения: 30.09.2021)"
}


@misc{intel,
	title="Процессор Intel® Core™ i5-1135G7 [Электронный ресурс]",
	howpublished="Режим доступа: \url{https://www.intel.ru/content/www/ru/ru/products/sku/208658/intel-core-i51135g7-processor-8m-cache-up-to-4-20-ghz/specifications.html} (дата обращения: 04.09.2021)"
}

@misc{
	test,
	title="Функция process\_time модуля time python [Электронный ресурс]",
	howpublished="Режим доступа: \url{https://docs-python.ru/standart-library/modul-time-python/funktsija-process-time-modulja-time/} (дата обращения: 04.09.2022)"
}

@misc{ubuntu,
	title="Pop OS 22.04 LTS [Электронный ресурс]",
	howpublished="Режим доступа: \url{https://pop.system76.com} (дата обращения: 04.09.2022)"
}

@misc{linux,
	title="Linux -- Документация [Электронный ресурс]",
	howpublished="Режим доступа: \url{https://docs.kernel.org} (дата обращения: 24.09.2022)"
}

@misc{amd,
	title="Процессор AMD® Ryzen 7 2700 eight-core processor × 16  [Электронный ресурс]",
	howpublished="Режим доступа: \url{https://www.amd.com/en/products/cpu/amd-ryzen-7-2700} (дата обращения: 04.09.2022)"
}

@misc{python,
	title="Kotlin Документация [Электронный ресурс]",
	howpublished="Режим доступа: \url{https://kotlinlang.org/docs/home.html} (дата обращения: 24.09.2022)"
}

@misc{vscode,
	title="IntelliJ IDEA Документация[Электронный ресурс]",
	howpublished="Режим доступа: \url{https://www.jetbrains.com/idea/} (дата обращения: 24.09.2022)"
}

@Comment{jabref-meta: databaseType:bibtex;}
